<?xml version="1.0" encoding="UTF-8"?><collection xmlns="http://www.loc.gov/MARC21/slim"><record><leader>00413nam--2200133-i-4500</leader><controlfield tag="001">000047878</controlfield><controlfield tag="002">20161230</controlfield><controlfield tag="005">20161230201046</controlfield><controlfield tag="008">060222s1000------------r-----000-0-eng-d</controlfield><datafield ind1=" " ind2=" " tag="080"><subfield code="a">621.375.826:621.375.52:546.16.226:015</subfield></datafield><datafield ind1=" " ind2=" " tag="100"><subfield code="a">Yusek, Robert</subfield></datafield><datafield ind1=" " ind2=" " tag="245"><subfield code="a">Co2 laser frequency stabilization using resonant absorption in sf6. thesis</subfield></datafield><datafield ind1=" " ind2=" " tag="260"><subfield code="a">Ann Arbor, Michigan, Univ.Microfilms, 1970, X+118p</subfield></datafield><datafield ind1=" " ind2=" " tag="852"><subfield code="a">36618</subfield></datafield></record></collection>